@book{Alexander
	, author = {{Alexander \& Slinger-Constant}}
  , year = {2004}
	, title = {Current status of treatments for dyslexia: critical review. Journal of Child Neurology, 19(10), 744-758. doi:10.1177/08830738040190100401}
}
@book{Azevedo
	, author = {Azevedo}
  , year = {2008}
	, title = {Intervenção precoce nos problemas iniciais de aprendizagem da leitura: um estudo exploratório. Dissertação de Mestrado em Psicologia, área de especialização de Psicologia Escolar, Universidade do Minho.}
}
@book{Bermejo
	, author = {{Bermejo \& Escribano}}
  , year = {2005}
	, title = {Nuevos aportes a la intervención en las dificultades de lectura. Universitas Psiychol. Bogotá, 4(1), 13-22.}
}
@book{Bryant
	, author = {{Bryant \& Bradley}}
  , year = {1987}
	, title = {Problemas de leitura na criança. Porto Alegre: Artes Médicas. }
}
@book{Castle
	, author = {Castle}
  , year = {1999}
	, title = {Learning and teaching phonological awareness. In G. B. Thompson \& T. Nicholson (Eds.), Learning to read.}
}
@book{Catala
	, author = {Catalá, G., Catalá, M., Molina, E. \& Monclús, R.}
  , year = {2001}
	, title = {Evaluación de la comprensión lectora. PL (1.º- 6.º de primária). Barcelona: Graó.}
}
@book{Citoler
	, author = {Citoler}
  , year = {2000}
	, title = {Las dificuldades de aprendizaje: Un enfoque cognitivo. Lectura, escritura, matemáticas. Granada: Ediciones Aljibe.}
}
@book{Curto
	, author = {Curto, L. A., Morrilo, M. M. \& Teixidó, M. M.}
  , year = {2000}
	, title = {Escrever e ler – Vol. 1. Porto Alegre: Artmed.}
}
@book{Defior
	, author = {Defior}
  , year = {1996}
	, title = {Las dificultades de aprendizaje: un enfoque cognitivo. Lectura, escritura, matemáticas. Málaga: Ediciones Aljibe.}
}
@book{DGEEC
	, author = {}
	, title = {DGEEC, DSEE, \& DEEBS (2012). Educação em números – Portugal 2012. Lisboa: Direção- Geral de Estatísticas da Educação e Ciência (DGEEC). Consultado em 8 de março de 2014}
  , biburl = {http://www.dgeec.mec.pt/np4/96/%7B$clientServletPath%7D/?newsId=145\\&fileName=EducacaoEmNumeros2012.pdf}
}
@book{Eldredge
	, author = {Eldredge, J. L.}
  , year = {1990}
	, title = {Increasing the performance of poor readers in the third grade with a group-assisted strategy. Journal of Educational Research, 84(2), 69-77.}
}
@book{European
	, author = {{European Comission}}
  , year = {2012}
	, title = {Final  Report.  EU  High  level  group  of  experts  on  literacy. Luxembourg: Publications Office of the European Union.}
}
@book{Fernandes
	, author = {Fernandes}
  , year = {2009}
	, title = {Padrinhos da leitura. Avaliação de um programa de desenvolvimento da leitura em voz alta. Dissertação de Mestrado Integrado em Psicologia, área de especialização em Psicologia escolar e da Educação. Braga: Universidade do Minho.}
}
@book{Ferreira
	, author = {Ferreira}
  , year = {2008}
	, title = {Ler a par o conhecimento vai aumentar: Construção e avaliação do programa. Dissertação de Mestrado em Educação, área de especialização em Educação Especial, Universidade Católica.}
}
@book{Fletcher
	, author = {Fletcher, J. M., Lyon, G. R., Fuchs, L. S., \& Barnes, M. A.}
  , year = {2007}
	, title = {Learning disabilities: From identification to intervention. New York: Guilford Press.}
}
@book{Freitas
	, author = {{Freitas, Alves, \& Costa}}
  , year = {2007}
	, title = {O  conhecimento  da Língua: Desenvolver  a consciência fonológica. Lisboa: Ministério da Educação, Direcção-Geral de Inovação e de Desenvolvimento Curricular.}
}
@book{Giasson
	, author = {Giasson}
  , year = {2005}
	, title = {La lecture: De la théorie à la pratique. Bruxelles: De Boeck \& Larcier. }
}
@book{Goldsworthy
	, author = {Goldsworthy}
  , year = {1996}
	, title = {Developmental Reading Disabilities: a language based treatment approach. San Diego, CA: Singular Publishing Group, Inc.}
}
@book{Karemaker
	, author = {Karemaker, A., Pitchford, N. \& O’Malley, C.}
  , year = {2010}
	, title = {Enhanced recognition of written words and enjoyment of reading in struggling beginner readers through whole- word multimedia software. Computers \& Education, 54(1), 199-208}
}
@book{Lopes2003
	, author = {}
	, title = {Lopes, J. A. (2003). Problemas de comportamento, problemas de aprendizagem e problemas de “ensinagem”. Coimbra: Quarteto.}
}
@book{Lopes2004
	, author = {}
	, title = {Lopes, J. A. (2004). Ler ou não ler: Eis a questão! In J. A. Lopes, M. G., Velasquez, P.P Fernandes, \& V. N. Bártolo, Aprendizagem, ensino e dificuldades da leitura (pp.13-51). Coimbra: Quarteto.}
}
@book{Nation
	, author = {Nation, K.}
  , year = {2005}
	, title = {Children's reading comprehension difficulties. In M. J. Snowling \& C. Hulme (Eds.), The science of reading: a handbook, (pp. 248-265). Oxford: Blackwell Publishers.}
}
@book{Olson
	, author = {Olson}
  , year = {2011}
	, title = {Weaker  readers  as  experts:  preferential  instruction  and  the  fluency improvement of lower perfoming student tutors. Reading improvement, 157- 167.}
}
@book{Outon
	, author = {Outón}
  , year = {2004}
	, title = {Programas de intervenção con disléxicos – Disenõ, implementación y evalución. Madrid: Editorial Cepe.}
}
@book{Ribeiro2012
	, author = {Ribeiro,  I.}
  , year = {2012}
	, title = {E  depois  de aprender  a  ler  …  trajetórias  de (in)sucesso.  Comunicação apresentada na VI Conferência Internacional do PNL, 2 e 3 de outubro. Lisboa, Fundação Calouste Gulbenkian.}
}
@book{RibeiroViana
	, author = {Ribeiro, I. Viana, Santos, \& Cadime (no prelo)}
	, title = {Avaliar leitura. Questões conceptuais e de medida. In I. Ribeiro \& F. L. Viana, BAL – Bateria de avaliação da leitura. Lisboa: Cegoc. }
}
@book{RibeiroViana2010
	, author = {Ribeiro,  I.,  Viana,  F.  L.,  Cadime,  I.,  Fernandes,  I.,  Ferreira,  A.,  Leitão,  C.  et  al.}
  , year = {2010}
	, title = {Compreensão da Leitura. Dos modelos teóricos ao ensino explícito. Um Programa de Intervenção para o 2.º Ciclo do Ensino Básico. Coimbra: Edições Almedina.}
}
@book{Ribeiro2005
	, author = {{Ribeiro, M. F.}}
  , year = {2005}
	, title = {Ler bem para aprender melhor: Um estudo exploratório de intervenção no âmbito da descodificação leitora. Dissertação de Mestrado em Psicologia. Braga: Universidade do Minho.}
}
@book{SimSim
	, author = {Sim-Sim, I., Duarte, C., \& Micaelo, M.}
  , year = {2007}
	, title = {O ensino da leitura. A compreensão da leitura. Lisboa: Direção Geral de Inovação e Desenvolvimento Curicular,}
}
@book{Snowling
	, author = {{Snowling, M. \& Hulme}}
  , year = {2005}
	, title = {The science of reading: a handbook. Oxford: Blackwell Publishing.}
}
@book{Spinillo
	, author = {Spinillo, A. G., Ribeiro, I., Viana, F. L. (no prelo)}
	, title = {Compreensão de textos. Considerações teóricas e implicações para a sua avaliação. In I. Ribeiro \& F. L. Viana, BAL – Bateria de avaliação da leitura. Lisboa: Cegoc. }
}
@book{Thomson
	, author = {Thomson}
  , year = {1992}
	, title = {Dislexia - su naturaleza, evaluación y tratamiento. Madrid: Alianza Psicología.}
}
@book{Vidal
	, author = {Vidal, J. G., \& Manjón, D. G.}
  , year = {2000}
	, title = {Dificultades de aprendizaje e intervención psicopedagógica. lectura y escritura (vol II) (2.ª ed.). Madrid: Editorial EOS.}
}
@book{Walker
	, author = {}
	, title = {Walker, B., \& Morrow, L. (1998). Tips for the reading team. Strategies for tutors. Newark, Delaware: IRA.}
}
