@book{KeR88
  , author    =	{B.W. Kernighan and D.M. Ritchie}
  , title     =	{The C Programming Language (ANSI C)}
  , edition   =	{2nd}
  , publisher =	{Prentice Hall Software series}
  , year      =	{1988}
  , keywords  = {Programming, Imperative}
}
@book{BW88
  , noAUTHOR = "Richard Bird and Philip Wadler"
  , author    = "R. Bird and P. Wadler"
  , TITLE = "Introduction to Functional Programming"
  , publisher = "Prentice-Hall"
  , YEAR = "1988"
  , keywords  = {Programming, Functional}
}
@book{GRM97
  , title     = {The LaTeX Graphics Companion}
  , author    = {Michel Goossens and Sebastian Rahtz and Frank Mittelbach}
  , publisher = {Addison-Wesley}
  , year      = {1997}
  , note      = {ISBN 0-201-85469-4}
  , keywords  = {LaTeX, Programming, Graphics}
}
@book{Fl99
  , title     =   {Java in a Nutshell}
  , author=   {D. Flanagan}
  , publisher =   {O'Reilly \& Associates}
  , edition=  {3rd}
  , year  =   {1999}
  , keywords  = {Java, Programming, OO}
}
@book{La86
  , KEY = "La86"
  , AUTHOR = "L. Lamport"
  , TITLE = "\LaTeX\ --- A Document Preparation System"
  , PUBLISHER = "Addison-Wesley Publishing Company"
  , EDITION = "\nth5"
  , YEAR = "1986"
  , keywords  = {LaTeX}
}
@inproceedings{DBLP:conf/ipps/EavisT12,
  author    = {Todd Eavis and
               Ahmad Taleb},
  title     = {Query Optimization and Execution in a Parallel Analytics {DBMS}},
  booktitle = {26th {IEEE} International Parallel and Distributed Processing Symposium,
               {IPDPS} 2012, Shanghai, China, May 21-25, 2012},
  year      = {2012},
  pages     = {897--908},
  crossref  = {DBLP:conf/ipps/2012},
  url       = {http://dx.doi.org/10.1109/IPDPS.2012.85},
  doi       = {10.1109/IPDPS.2012.85},
  timestamp = {Thu, 09 Oct 2014 17:52:23 +0200},
  biburl    = {http://dblp.uni-trier.de/rec/bib/conf/ipps/EavisT12},
  bibsource = {dblp computer science bibliography, http://dblp.org}
}

@proceedings{DBLP:conf/ipps/2012,
  title     = {26th {IEEE} International Parallel and Distributed Processing Symposium,
               {IPDPS} 2012, Shanghai, China, May 21-25, 2012},
  year      = {2012},
  publisher = {{IEEE} Computer Society},
  url       = {http://ieeexplore.ieee.org/xpl/mostRecentIssue.jsp?punumber=6266782},
  isbn      = {978-1-4673-0975-2},
  timestamp = {Thu, 09 Oct 2014 17:52:23 +0200},
  biburl    = {http://dblp.uni-trier.de/rec/bib/conf/ipps/2012},
  bibsource = {dblp computer science bibliography, http://dblp.org}
}

@incollection{De_73,
year={2001},
isbn={978-3-540-41456-8},
booktitle={Database Theory --- ICDT 2001},
volume={1973},
series={Lecture Notes in Computer Science},
editor={Van den Bussche, Jan and Vianu, Victor},
doi={10.1007/3-540-44503-X_9},
title={Parallelizing the Data Cube},
url={http://dx.doi.org/10.1007/3-540-44503-X_9},
publisher={Springer Berlin Heidelberg},
author={Dehne, Frank and Eavis, Todd and Hambrusch, Susanne and Rau-Chaplin, Andrew},
pages={129-143},
language={English}
}
@incollection{DBLP:books/crc/chb/OzsuV14,
  author    = {M. Tamer {\"{O}}zsu and
               Patrick Valduriez},
  title     = {Distributed and Parallel Database Systems},
  booktitle = {Computing Handbook, Third Edition: Information Systems and Information
               Technology},
  year      = {2014},
  pages     = {13: 1--24},
  crossref  = {DBLP:books/crc/chb2014-2},
  timestamp = {Thu, 09 Oct 2014 17:56:22 +0200},
  biburl    = {http://dblp.uni-trier.de/rec/bib/books/crc/chb/OzsuV14},
  bibsource = {dblp computer science bibliography, http://dblp.org}
}
@book{DBLP:books/crc/chb2014-2,
  editor    = {Heikki Topi and
               Allen Tucker},
  title     = {Computing Handbook, Third Edition: Information Systems and Information
               Technology},
  booktitle = {Computing Handbook, 3rd ed. {(2)}},
  year      = {2014},
  publisher = {{CRC} Press},
  isbn      = {978-1-43-989854-3},
  timestamp = {Thu, 09 Oct 2014 17:56:22 +0200},
  biburl    = {http://dblp.uni-trier.de/rec/bib/books/crc/chb2014-2},
  bibsource = {dblp computer science bibliography, http://dblp.org}
}

@article{In_2011, 
    title       = {A memory efficient and fast sparse matrix vector product on a GPU}, 
    volume      = {116}, url={http://www.jpier.org/PIER/pier116/03.11031607.pdf}, 
    number      = {March}, 
    journal     = {Electromagnetics}, 
    publisher   = {EMW Publishing}, 
    author      = {In, Progress}, 
    year        = {2011}, 
    pages       = {49--63}
}

@incollection{Mi_99
    year        = {1999},
    isbn        = {978-3-540-65452-0},
    booktitle   = {Database Theory — ICDT’99},
    volume      = {1540},
    series      = {Lecture Notes in Computer Science},
    editor      = {Beeri, Catriel and Buneman, Peter},
    doi         = {10.1007/3-540-49257-7_18},
    title       = {Index Structures for Path Expressions},
    url         = {http://dx.doi.org/10.1007/3-540-49257-7_18},
    publisher   = {Springer Berlin Heidelberg},
    author      = {Milo, Tova and Suciu, Dan},
    pages       = {277-295},
    language    = {English}
}

@TECHREPORT{Shatdal94processingaggregates,
    author = {Ambuj Shatdal and Jeffrey F. Naughton},
    title = {Processing Aggregates in Parallel Database Systems},
    institution = {},
    year = {1994}
}

@MISC{Özsu_distributeddatabase,
    author = {M. Tamer Özsu},
    title = {Distributed Database Systems},
    year = {}
}

@inproceedings{DBLP:conf/vldb/GuptaHQ95,
  author    = {Ashish Gupta and
               Venky Harinarayan and
               Dallan Quass},
  title     = {Aggregate-Query Processing in Data Warehousing Environments},
  booktitle = {VLDB'95, Proceedings of 21th International Conference on Very Large
               Data Bases, September 11-15, 1995, Zurich, Switzerland.},
  year      = {1995},
  pages     = {358--369},
  crossref  = {DBLP:conf/vldb/95},
  url       = {http://www.vldb.org/conf/1995/P358.PDF},
  timestamp = {Tue, 14 Oct 2014 05:57:37 +0200},
  biburl    = {http://dblp.uni-trier.de/rec/bib/conf/vldb/GuptaHQ95},
  bibsource = {dblp computer science bibliography, http://dblp.org}
}

@proceedings{DBLP:conf/vldb/95,
  editor    = {Umeshwar Dayal and
               Peter M. D. Gray and
               Shojiro Nishio},
  title     = {VLDB'95, Proceedings of 21th International Conference on Very Large
               Data Bases, September 11-15, 1995, Zurich, Switzerland},
  year      = {1995},
  publisher = {Morgan Kaufmann},
  isbn      = {1-55860-379-4},
  timestamp = {Tue, 14 Oct 2014 05:57:37 +0200},
  biburl    = {http://dblp.uni-trier.de/rec/bib/conf/vldb/95},
  bibsource = {dblp computer science bibliography, http://dblp.org}
}

@article{DBLP:journals/jcst/LiaoP08,
  author    = {Hua{-}Ming Liao and
               Guo{-}Shun Pei},
  title     = {Cache-Based Aggregate Query Shipping: An Efficient Scheme of Distributed
               {OLAP} Query Processing},
  journal   = {J. Comput. Sci. Technol.},
  year      = {2008},
  volume    = {23},
  number    = {6},
  pages     = {905--915},
  url       = {http://dx.doi.org/10.1007/s11390-008-9190-3},
  doi       = {10.1007/s11390-008-9190-3},
  timestamp = {Tue, 14 Oct 2014 06:04:34 +0200},
  biburl    = {http://dblp.uni-trier.de/rec/bib/journals/jcst/LiaoP08},
  bibsource = {dblp computer science bibliography, http://dblp.org}
}

@MISC{Farzaneh_anefficient,
    author = {Aiyoub Farzaneh and Hossein Kheiri and Mehdi and Abbaspour Shahmersi},
    title = {AN EFFICIENT STORAGE FORMAT FOR LARGE SPARSE MATRICES},
    year = {2009}
}


@article{DBLP:journals/datamine/GoilC97,
  author    = {Sanjay Goil and
               Alok N. Choudhary},
  title     = {High Performance {OLAP} and Data Mining on Parallel Computers},
  journal   = {Data Min. Knowl. Discov.},
  year      = {1997},
  volume    = {1},
  number    = {4},
  pages     = {391--417},
  url       = {http://dx.doi.org/10.1023/A:1009777418785},
  doi       = {10.1023/A:1009777418785},
  timestamp = {Wed, 15 Oct 2014 00:44:58 +0200},
  biburl    = {http://dblp.uni-trier.de/rec/bib/journals/datamine/GoilC97},
  bibsource = {dblp computer science bibliography, http://dblp.org}
}

@article{DBLP:journals/cacm/Codd70,
  author    = {E. F. Codd},
  title     = {A Relational Model of Data for Large Shared Data Banks},
  journal   = {Commun. {ACM}},
  year      = {1970},
  volume    = {13},
  number    = {6},
  pages     = {377--387},
  url       = {http://doi.acm.org/10.1145/362384.362685},
  doi       = {10.1145/362384.362685},
  timestamp = {Wed, 15 Oct 2014 00:51:20 +0200},
  biburl    = {http://dblp.uni-trier.de/rec/bib/journals/cacm/Codd70},
  bibsource = {dblp computer science bibliography, http://dblp.org}
}

@inproceedings{Ak_02,
    author = {Akinde, Michael O. and B\"{o}hlen, Michael H. and Johnson, Theodore and Lakshmanan, Laks V. S. and Srivastava, Divesh},
    title = {Efficient OLAP Query Processing in Distributed Data Warehouses},
    booktitle = {Proceedings of the 8th International Conference on Extending Database Technology: Advances in Database Technology},
    series = {EDBT '02},
    year = {2002},
    isbn = {3-540-43324-4},
    pages = {336--353},
    numpages = {18},
    url = {http://dl.acm.org/citation.cfm?id=645340.650248},
    acmid = {650248},
    publisher = {Springer-Verlag},
    address = {London, UK, UK},
} 

@inproceedings{DBLP:conf/sigmod/YangTLRMG14,
  author    = {Fangjin Yang and
               Eric Tschetter and
               Xavier L{\'{e}}aut{\'{e}} and
               Nelson Ray and
               Gian Merlino and
               Deep Ganguli},
  title     = {Druid: a real-time analytical data store},
  booktitle = {International Conference on Management of Data, {SIGMOD} 2014, Snowbird,
               UT, USA, June 22-27, 2014},
  year      = {2014},
  pages     = {157--168},
  crossref  = {DBLP:conf/sigmod/2014},
  url       = {http://doi.acm.org/10.1145/2588555.2595631},
  doi       = {10.1145/2588555.2595631},
  timestamp = {Wed, 15 Oct 2014 00:58:31 +0200},
  biburl    = {http://dblp.uni-trier.de/rec/bib/conf/sigmod/YangTLRMG14},
  bibsource = {dblp computer science bibliography, http://dblp.org}
}

@proceedings{DBLP:conf/sigmod/2014,
  editor    = {Curtis E. Dyreson and
               Feifei Li and
               M. Tamer {\"{O}}zsu},
  title     = {International Conference on Management of Data, {SIGMOD} 2014, Snowbird,
               UT, USA, June 22-27, 2014},
  year      = {2014},
  publisher = {{ACM}},
  url       = {http://dl.acm.org/citation.cfm?id=2588555},
  isbn      = {978-1-4503-2376-5},
  timestamp = {Wed, 15 Oct 2014 00:58:31 +0200},
  biburl    = {http://dblp.uni-trier.de/rec/bib/conf/sigmod/2014},
  bibsource = {dblp computer science bibliography, http://dblp.org}
}

@inproceedings{DBLP:conf/dolap/FuH00,
  author    = {Lixin Fu and
               Joachim Hammer},
  title     = {{CUBIST:} {A} New Algorithm For Improving the Performance of Ad-hoc
               {OLAP} Queries},
  booktitle = {Third {ACM} International Workshop on Data Warehousing and {OLAP}
               {(DOLAP} 2000), Washington, DC, USA, November 10, 2000},
  year      = {2000},
  pages     = {72--79},
  crossref  = {DBLP:conf/dolap/2000},
  url       = {http://doi.acm.org/10.1145/355068.355317},
  doi       = {10.1145/355068.355317},
  timestamp = {Wed, 15 Oct 2014 01:01:50 +0200},
  biburl    = {http://dblp.uni-trier.de/rec/bib/conf/dolap/FuH00},
  bibsource = {dblp computer science bibliography, http://dblp.org}
}

@proceedings{DBLP:conf/dolap/2000,
  editor    = {Rokia Missaoui and
               Il{-}Yeol Song},
  title     = {Third {ACM} International Workshop on Data Warehousing and {OLAP}
               {(DOLAP} 2000), Washington, DC, USA, November 10, 2000},
  year      = {2000},
  publisher = {{ACM}},
  timestamp = {Wed, 15 Oct 2014 01:01:50 +0200},
  biburl    = {http://dblp.uni-trier.de/rec/bib/conf/dolap/2000},
  bibsource = {dblp computer science bibliography, http://dblp.org}
}

@article{DBLP:journals/csur/Graefe93,
  author    = {Goetz Graefe},
  title     = {Query Evaluation Techniques for Large Databases},
  journal   = {{ACM} Comput. Surv.},
  year      = {1993},
  volume    = {25},
  number    = {2},
  pages     = {73--170},
  url       = {http://doi.acm.org/10.1145/152610.152611},
  doi       = {10.1145/152610.152611},
  timestamp = {Wed, 15 Oct 2014 01:03:32 +0200},
  biburl    = {http://dblp.uni-trier.de/rec/bib/journals/csur/Graefe93},
  bibsource = {dblp computer science bibliography, http://dblp.org}
}


@inproceedings{DBLP:conf/ics/LiuSCD13,
  author    = {Xing Liu and
               Mikhail Smelyanskiy and
               Edmond Chow and
               Pradeep Dubey},
  title     = {Efficient sparse matrix-vector multiplication on x86-based many-core
               processors},
  booktitle = {International Conference on Supercomputing, ICS'13, Eugene, OR, {USA}
               - June 10 - 14, 2013},
  year      = {2013},
  pages     = {273--282},
  crossref  = {DBLP:conf/ics/2013},
  url       = {http://doi.acm.org/10.1145/2464996.2465013},
  doi       = {10.1145/2464996.2465013},
  timestamp = {Wed, 15 Oct 2014 01:05:38 +0200},
  biburl    = {http://dblp.uni-trier.de/rec/bib/conf/ics/LiuSCD13},
  bibsource = {dblp computer science bibliography, http://dblp.org}
}

@proceedings{DBLP:conf/ics/2013,
  editor    = {Allen D. Malony and
               Mario Nemirovsky and
               Samuel P. Midkiff},
  title     = {International Conference on Supercomputing, ICS'13, Eugene, OR, {USA}
               - June 10 - 14, 2013},
  year      = {2013},
  publisher = {{ACM}},
  url       = {http://dl.acm.org/citation.cfm?id=2464996},
  isbn      = {978-1-4503-2130-3},
  timestamp = {Wed, 15 Oct 2014 01:05:38 +0200},
  biburl    = {http://dblp.uni-trier.de/rec/bib/conf/ics/2013},
  bibsource = {dblp computer science bibliography, http://dblp.org}
}



@article{DBLP:journals/csur/Graefe06,
  author    = {Goetz Graefe},
  title     = {Implementing sorting in database systems},
  journal   = {{ACM} Comput. Surv.},
  year      = {2006},
  volume    = {38},
  number    = {3},
  url       = {http://doi.acm.org/10.1145/1132960.1132964},
  doi       = {10.1145/1132960.1132964},
  timestamp = {Wed, 15 Oct 2014 01:07:02 +0200},
  biburl    = {http://dblp.uni-trier.de/rec/bib/journals/csur/Graefe06},
  bibsource = {dblp computer science bibliography, http://dblp.org}
}

@inproceedings{DBLP:conf/osdi/DeanG04,
  author    = {Jeffrey Dean and
               Sanjay Ghemawat},
  title     = {MapReduce: Simplified Data Processing on Large Clusters},
  booktitle = {6th Symposium on Operating System Design and Implementation {(OSDI}
               2004), San Francisco, California, USA, December 6-8, 2004},
  year      = {2004},
  pages     = {137--150},
  crossref  = {DBLP:conf/osdi/2004},
  url       = {http://www.usenix.org/events/osdi04/tech/dean.html},
  timestamp = {Wed, 15 Oct 2014 01:08:26 +0200},
  biburl    = {http://dblp.uni-trier.de/rec/bib/conf/osdi/DeanG04},
  bibsource = {dblp computer science bibliography, http://dblp.org}
}

@proceedings{DBLP:conf/osdi/2004,
  editor    = {Eric A. Brewer and
               Peter Chen},
  title     = {6th Symposium on Operating System Design and Implementation {(OSDI}
               2004), San Francisco, California, USA, December 6-8, 2004},
  year      = {2004},
  publisher = {{USENIX} Association},
  url       = {https://www.usenix.org/publications/proceedings/?f[0]=im_group_audience%3A167},
  timestamp = {Wed, 15 Oct 2014 01:08:26 +0200},
  biburl    = {http://dblp.uni-trier.de/rec/bib/conf/osdi/2004},
  bibsource = {dblp computer science bibliography, http://dblp.org}
}

@article{DBLP:journals/talg/YusterZ05,
  author    = {Raphael Yuster and
               Uri Zwick},
  title     = {Fast sparse matrix multiplication},
  journal   = {{ACM} Transactions on Algorithms},
  year      = {2005},
  volume    = {1},
  number    = {1},
  pages     = {2--13},
  url       = {http://doi.acm.org/10.1145/1077464.1077466},
  doi       = {10.1145/1077464.1077466},
  timestamp = {Wed, 15 Oct 2014 01:12:33 +0200},
  biburl    = {http://dblp.uni-trier.de/rec/bib/journals/talg/YusterZ05},
  bibsource = {dblp computer science bibliography, http://dblp.org}
}

@inproceedings{DBLP:conf/dolap/VassiliadisSS02,
  author    = {Panos Vassiliadis and
               Alkis Simitsis and
               Spiros Skiadopoulos},
  title     = {Conceptual modeling for {ETL} processes},
  booktitle = {{DOLAP} 2002, {ACM} Fifth International Workshop on Data Warehousing
               and OLAP, November 8, 2002, McLean, VA, Proceedings},
  year      = {2002},
  pages     = {14--21},
  crossref  = {DBLP:conf/dolap/2002},
  url       = {http://doi.acm.org/10.1145/583890.583893},
  doi       = {10.1145/583890.583893},
  timestamp = {Wed, 15 Oct 2014 01:15:59 +0200},
  biburl    = {http://dblp.uni-trier.de/rec/bib/conf/dolap/VassiliadisSS02},
  bibsource = {dblp computer science bibliography, http://dblp.org}
}

@proceedings{DBLP:conf/dolap/2002,
  editor    = {Il{-}Yeol Song and
               Dimitri Theodoratos},
  title     = {{DOLAP} 2002, {ACM} Fifth International Workshop on Data Warehousing
               and OLAP, November 8, 2002, McLean, VA, Proceedings},
  year      = {2002},
  publisher = {{ACM}},
  isbn      = {1-58113-590-4},
  timestamp = {Wed, 15 Oct 2014 01:15:59 +0200},
  biburl    = {http://dblp.uni-trier.de/rec/bib/conf/dolap/2002},
  bibsource = {dblp computer science bibliography, http://dblp.org}
}

@inproceedings{DBLP:conf/dmdw/FranconiS99,
  author    = {Enrico Franconi and
               Ulrike Sattler},
  title     = {A Data Warehouse Conceptual Data Model for Multidimensional Aggregation},
  booktitle = {Proceedings of the Intl. Workshop on Design and Management of Data
               Warehouses, DMDW'99, Heidelberg, Germany, June 14-15, 1999},
  year      = {1999},
  pages     = {13},
  crossref  = {DBLP:conf/dmdw/1999},
  url       = {http://sunsite.informatik.rwth-aachen.de/Publications/CEUR-WS/Vol-19/paper13.pdf},
  timestamp = {Wed, 15 Oct 2014 01:18:59 +0200},
  biburl    = {http://dblp.uni-trier.de/rec/bib/conf/dmdw/FranconiS99},
  bibsource = {dblp computer science bibliography, http://dblp.org}
}

@proceedings{DBLP:conf/dmdw/1999,
  editor    = {Stella Gatziu and
               Manfred A. Jeusfeld and
               Martin Staudt and
               Yannis Vassiliou},
  title     = {Proceedings of the Intl. Workshop on Design and Management of Data
               Warehouses, DMDW'99, Heidelberg, Germany, June 14-15, 1999},
  series    = {{CEUR} Workshop Proceedings},
  year      = {1999},
  volume    = {19},
  publisher = {CEUR-WS.org},
  timestamp = {Wed, 15 Oct 2014 01:18:59 +0200},
  biburl    = {http://dblp.uni-trier.de/rec/bib/conf/dmdw/1999},
  bibsource = {dblp computer science bibliography, http://dblp.org}
}

@inproceedings{DBLP:conf/sigmod/NgWY01,
  author    = {Raymond T. Ng and
               Alan S. Wagner and
               Yu Yin},
  title     = {Iceberg-cube computation with {PC} clusters},
  booktitle = {Proceedings of the 2001 {ACM} {SIGMOD} international conference on
               Management of data, Santa Barbara, CA, USA, May 21-24, 2001},
  year      = {2001},
  pages     = {25--36},
  crossref  = {DBLP:conf/sigmod/2001},
  url       = {http://doi.acm.org/10.1145/375663.375666},
  doi       = {10.1145/375663.375666},
  timestamp = {Wed, 15 Oct 2014 01:21:41 +0200},
  biburl    = {http://dblp.uni-trier.de/rec/bib/conf/sigmod/NgWY01},
  bibsource = {dblp computer science bibliography, http://dblp.org}
}

@proceedings{DBLP:conf/sigmod/2001,
  editor    = {Sharad Mehrotra and
               Timos K. Sellis},
  title     = {Proceedings of the 2001 {ACM} {SIGMOD} international conference on
               Management of data, Santa Barbara, CA, USA, May 21-24, 2001},
  year      = {2001},
  publisher = {{ACM}},
  isbn      = {1-58113-332-4},
  timestamp = {Wed, 15 Oct 2014 01:21:41 +0200},
  biburl    = {http://dblp.uni-trier.de/rec/bib/conf/sigmod/2001},
  bibsource = {dblp computer science bibliography, http://dblp.org}
}

@article{DBLP:journals/sigmod/Colliat96,
  author    = {George Colliat},
  title     = {OLAP, Relational, and Multidimensional Database Systems},
  journal   = {{SIGMOD} Record},
  year      = {1996},
  volume    = {25},
  number    = {3},
  pages     = {64--69},
  url       = {http://doi.acm.org/10.1145/234889.234901},
  doi       = {10.1145/234889.234901},
  timestamp = {Wed, 15 Oct 2014 01:22:43 +0200},
  biburl    = {http://dblp.uni-trier.de/rec/bib/journals/sigmod/Colliat96},
  bibsource = {dblp computer science bibliography, http://dblp.org}
}


@article{DBLP:journals/csur/OzsuV96,
  author    = {M. Tamer {\"{O}}zsu and
               Patrick Valduriez},
  title     = {Distributed and Parallel Database Systems},
  journal   = {{ACM} Comput. Surv.},
  year      = {1996},
  volume    = {28},
  number    = {1},
  pages     = {125--128},
  url       = {http://doi.acm.org/10.1145/234313.234368},
  doi       = {10.1145/234313.234368},
  timestamp = {Wed, 15 Oct 2014 01:24:08 +0200},
  biburl    = {http://dblp.uni-trier.de/rec/bib/journals/csur/OzsuV96},
  bibsource = {dblp computer science bibliography, http://dblp.org}
}

@inproceedings{DBLP:conf/vldb/AgarwalADGNRS96,
  author    = {Sameet Agarwal and
               Rakesh Agrawal and
               Prasad Deshpande and
               Ashish Gupta and
               Jeffrey F. Naughton and
               Raghu Ramakrishnan and
               Sunita Sarawagi},
  title     = {On the Computation of Multidimensional Aggregates},
  booktitle = {VLDB'96, Proceedings of 22th International Conference on Very Large
               Data Bases, September 3-6, 1996, Mumbai (Bombay), India},
  year      = {1996},
  pages     = {506--521},
  crossref  = {DBLP:conf/vldb/96},
  url       = {http://www.vldb.org/conf/1996/P506.PDF},
  timestamp = {Wed, 15 Oct 2014 01:26:06 +0200},
  biburl    = {http://dblp.uni-trier.de/rec/bib/conf/vldb/AgarwalADGNRS96},
  bibsource = {dblp computer science bibliography, http://dblp.org}
}

@proceedings{DBLP:conf/vldb/96,
  editor    = {T. M. Vijayaraman and
               Alejandro P. Buchmann and
               C. Mohan and
               Nandlal L. Sarda},
  title     = {VLDB'96, Proceedings of 22th International Conference on Very Large
               Data Bases, September 3-6, 1996, Mumbai (Bombay), India},
  year      = {1996},
  publisher = {Morgan Kaufmann},
  isbn      = {1-55860-382-4},
  timestamp = {Wed, 15 Oct 2014 01:26:06 +0200},
  biburl    = {http://dblp.uni-trier.de/rec/bib/conf/vldb/96},
  bibsource = {dblp computer science bibliography, http://dblp.org}
}



@article{DBLP:journals/dpd/DehneER06,
  author    = {Frank K. H. A. Dehne and
               Todd Eavis and
               Andrew Rau{-}Chaplin},
  title     = {The cgmCUBE project: Optimizing parallel data cube generation for
               {ROLAP}},
  journal   = {Distributed and Parallel Databases},
  year      = {2006},
  volume    = {19},
  number    = {1},
  pages     = {29--62},
  url       = {http://dx.doi.org/10.1007/s10619-006-6575-6},
  doi       = {10.1007/s10619-006-6575-6},
  timestamp = {Wed, 15 Oct 2014 01:28:05 +0200},
  biburl    = {http://dblp.uni-trier.de/rec/bib/journals/dpd/DehneER06},
  bibsource = {dblp computer science bibliography, http://dblp.org}
}

@inproceedings{DBLP:conf/ccgrid/DehneER01,
  author    = {Frank K. H. A. Dehne and
               Todd Eavis and
               Andrew Rau{-}Chaplin},
  title     = {A Cluster Architecture for Parallel Data Warehousing},
  booktitle = {First {IEEE} International Symposium on Cluster Computing and the
               Grid (CCGrid 2001), May 15-18, 2001, Brisbane, Australia},
  year      = {2001},
  pages     = {161--168},
  crossref  = {DBLP:conf/ccgrid/2001},
  url       = {http://doi.ieeecomputersociety.org/10.1109/CCGRID.2001.923189},
  doi       = {10.1109/CCGRID.2001.923189},
  timestamp = {Wed, 15 Oct 2014 01:47:10 +0200},
  biburl    = {http://dblp.uni-trier.de/rec/bib/conf/ccgrid/DehneER01},
  bibsource = {dblp computer science bibliography, http://dblp.org}
}

@proceedings{DBLP:conf/ccgrid/2001,
  title     = {First {IEEE} International Symposium on Cluster Computing and the
               Grid (CCGrid 2001), May 15-18, 2001, Brisbane, Australia},
  year      = {2001},
  publisher = {{IEEE} Computer Society},
  timestamp = {Wed, 15 Oct 2014 01:47:10 +0200},
  biburl    = {http://dblp.uni-trier.de/rec/bib/conf/ccgrid/2001},
  bibsource = {dblp computer science bibliography, http://dblp.org}
}








