@book{KeR88
  , author    = {B.W. Kernighan and D.M. Ritchie}
  , title     = {The C Programming Language (ANSI C)}
  , edition   = {2nd}
  , publisher = {Prentice Hall Software series}
  , year      = {1988}
  , keywords  = {Programming, Imperative}
}

@book{AlAWSl
  , author    = {Alexander, A. W., & Slinger-Constant}
  , title     = {Current status of treatments for dyslexia: critical review. Journal of Child Neurology, 19(10), 744-758.}
  , year      = {2004}
}
