@book{consciencia_fonologica,
  title =     "Aprender a ler : apenas uma quest{\~a}o de m{\'e}todos?",
  author=     "Viana, Fernanda Leopoldina",
  url=        "http://repositorium.sdum.uminho.pt/handle/1822/11820",
  year=       "2006",
  publisher=  "Casa do Professor"
}

@book{html5,
  title =     "HTML5 - 2ª Edição Atualizada e Aumentada",
  author=     "Abreu, Lu{\'i}s",
  url=        "http://www.fca.pt/cgi-bin/fca_main.cgi/?isbn=978-972-722-739-6&op=2",
  year=       "2011",
  publisher=  "FCA"
}

@misc{fabricjs,
  title =        "Fabric.js Javascript Canvas Library",
  howpublished = "http://fabricjs.com"
}
